@article{perez2014idtracker,
  title={idTracker: tracking individuals in a group by automatic identification of unmarked animals},
  author={P{\'e}rez-Escudero, Alfonso and Vicente-Page, Juli{\'a}n and Hinz, Robert C and Arganda, Sara and De Polavieja, Gonzalo G},
  journal={Nature methods},
  volume={11},
  number={7},
  pages={743--748},
  year={2014},
  publisher={Nature Publishing Group}
}

@article{romero2019idtracker,
  title={Idtracker. ai: tracking all individuals in small or large collectives of unmarked animals},
  author={Romero-Ferrero, Francisco and Bergomi, Mattia G and Hinz, Robert C and Heras, Francisco JH and de Polavieja, Gonzalo G},
  journal={Nature methods},
  volume={16},
  number={2},
  pages={179--182},
  year={2019},
  publisher={Nature Publishing Group}
}

@article{mathis2018deeplabcut,
  title={DeepLabCut: markerless pose estimation of user-defined body parts with deep learning},
  author={Mathis, Alexander and Mamidanna, Pranav and Cury, Kevin M and Abe, Taiga and Murthy, Venkatesh N and Mathis, Mackenzie Weygandt and Bethge, Matthias},
  journal={Nature neuroscience},
  volume={21},
  number={9},
  pages={1281--1289},
  year={2018},
  publisher={Nature Publishing Group}
}

@article{nath2019using,
  title={Using DeepLabCut for 3D markerless pose estimation across species and behaviors},
  author={Nath, Tanmay and Mathis, Alexander and Chen, An Chi and Patel, Amir and Bethge, Matthias and Mathis, Mackenzie Weygandt},
  journal={Nature protocols},
  volume={14},
  number={7},
  pages={2152--2176},
  year={2019}
}

@inproceedings{insafutdinov2016deepercut,
  title={Deepercut: A deeper, stronger, and faster multi-person pose estimation model},
  author={Insafutdinov, Eldar and Pishchulin, Leonid and Andres, Bjoern and Andriluka, Mykhaylo and Schiele, Bernt},
  booktitle={European Conference on Computer Vision},
  pages={34--50},
  year={2016},
  organization={Springer}
}

@article{luo2014multiple,
  title={Multiple object tracking: A literature review},
  author={Luo, Wenhan and Xing, Junliang and Milan, Anton and Zhang, Xiaoqin and Liu, Wei and Zhao, Xiaowei and Kim, Tae-Kyun},
  journal={arXiv preprint arXiv:1409.7618},
  year={2014}
}

@article{dell2014automated,
  title={Automated image-based tracking and its application in ecology},
  author={Dell, Anthony I and Bender, John A and Branson, Kristin and Couzin, Iain D and de Polavieja, Gonzalo G and Noldus, Lucas PJJ and P{\'e}rez-Escudero, Alfonso and Perona, Pietro and Straw, Andrew D and Wikelski, Martin and others},
  journal={Trends in ecology \& evolution},
  volume={29},
  number={7},
  pages={417--428},
  year={2014},
  publisher={Elsevier}
}

@article{rodriguez2017toxid,
  title={ToxId: an efficient algorithm to solve occlusions when tracking multiple animals},
  author={Rodriguez, Alvaro and Zhang, Hanqing and Klaminder, Jonatan and Brodin, Tomas and Andersson, Magnus},
  journal={Scientific reports},
  volume={7},
  number={1},
  pages={1--8},
  year={2017},
  publisher={Nature Publishing Group}
}

@article{bai2018automatic,
  title={Automatic multiple zebrafish tracking based on improved HOG features},
  author={Bai, Yun-Xiang and Zhang, Shu-Hui and Fan, Zhi and Liu, Xing-Yu and Zhao, Xin and Feng, Xi-Zeng and Sun, Ming-Zhu},
  journal={Scientific reports},
  volume={8},
  number={1},
  pages={1--14},
  year={2018},
  publisher={Nature Publishing Group}
}

@article{qian2016effective,
  title={An effective and robust method for tracking multiple fish in video image based on fish head detection},
  author={Qian, Zhi-Ming and Wang, Shuo Hong and Cheng, Xi En and Chen, Yan Qiu},
  journal={BMC bioinformatics},
  volume={17},
  number={1},
  pages={251},
  year={2016},
  publisher={Springer}
}

@article{rodriguez2017toxid,
  title={ToxId: an efficient algorithm to solve occlusions when tracking multiple animals},
  author={Rodriguez, Alvaro and Zhang, Hanqing and Klaminder, Jonatan and Brodin, Tomas and Andersson, Magnus},
  journal={Scientific reports},
  volume={7},
  number={1},
  pages={1--8},
  year={2017},
  publisher={Nature Publishing Group}
}

@article{rodriguez2018toxtrac,
  title={ToxTrac: a fast and robust software for tracking organisms},
  author={Rodriguez, Alvaro and Zhang, Hanqing and Klaminder, Jonatan and Brodin, Tomas and Andersson, Patrik L and Andersson, Magnus},
  journal={Methods in Ecology and Evolution},
  volume={9},
  number={3},
  pages={460--464},
  year={2018},
  publisher={Wiley Online Library}
}

@article{mathis2018inference,
  title={On the inference speed and video-compression robustness of DeepLabCut},
  author={Mathis, Alexander and Warren, Richard},
  journal={BioRxiv},
  pages={457242},
  year={2018},
  publisher={Cold Spring Harbor Laboratory}
}

@article{opencv_library,
    author = {Bradski, G.},
    citeulike-article-id = {2236121},
    journal = {Dr. Dobb's Journal of Software Tools},
    keywords = {bibtex-import},
    posted-at = {2008-01-15 19:21:54},
    priority = {4},
    title = {{The OpenCV Library}},
    year = {2000}
}

@manual{Qt,
  author = {TheQtCompany},
  title = {The Qt Framework},
  note   = "\url{https://www.qt.io/}",
  year = {2020}
}

@manual{C++,
  author = {StandardCppFoundation},
  title = {Cpp Language},
  note = "\url{https://isocpp.org/}",
  date = {2020}
}

@article{viswanathan2017applications,
  title={Applications of image processing and real-time embedded systems in autonomous cars: a short review},
  author={Viswanathan, Vidya and Hussein, Rania},
  journal={International Journal of Image Processing (IJIP)},
  volume={11},
  number={2},
  pages={35},
  year={2017}
}

@manual{ATTOL,
  author = {Airbus},
  title = {ATTOL: Autonomous Taxiing, Take-Off and Landing},
  note = "\url{https://www.airbus.com/newsroom/stories/autonomy-aerial-mobility.html}",
  year = {2020}
}

@article{shahin2017continuous,
  title={Continuous integration, delivery and deployment: a systematic review on approaches, tools, challenges and practices},
  author={Shahin, Mojtaba and Babar, Muhammad Ali and Zhu, Liming},
  journal={IEEE Access},
  volume={5},
  pages={3909--3943},
  year={2017},
  publisher={IEEE}
}

@article{wikstrom2019benefits,
  title={Benefits and challenges of Continuous Integration and Delivery: A Case Study},
  author={Wikstr{\"o}m, Axel and others},
  year={2019},
  publisher={Helsingin yliopisto}
}

@article{yilmaz2006object,
  title={Object tracking: A survey},
  author={Yilmaz, Alper and Javed, Omar and Shah, Mubarak},
  journal={Acm computing surveys (CSUR)},
  volume={38},
  number={4},
  pages={13--es},
  year={2006},
  publisher={Acm New York, NY, USA}
}

@article{zhao2019object,
  title={Object detection with deep learning: A review},
  author={Zhao, Zhong-Qiu and Zheng, Peng and Xu, Shou-tao and Wu, Xindong},
  journal={IEEE transactions on neural networks and learning systems},
  volume={30},
  number={11},
  pages={3212--3232},
  year={2019},
  publisher={IEEE}
}
